<record><leader>00000cas a22000007a 4500</leader><controlfield tag="001">1752373</controlfield><controlfield tag="008">751101d18961914mnuwr ne      0    0eng d</controlfield><datafield ind1=" " ind2=" " tag="010"><subfield code="a">sn 90060621 </subfield></datafield><datafield ind1=" " ind2=" " tag="040"><subfield code="a">MUL</subfield><subfield code="b">eng</subfield><subfield code="c">MUL</subfield><subfield code="d">OCL</subfield><subfield code="d">MN#</subfield><subfield code="d">OCLCQ</subfield><subfield code="d">OCLCF</subfield><subfield code="d">OCLCO</subfield></datafield><datafield ind1=" " ind2=" " tag="042"><subfield code="a">msc</subfield></datafield><datafield ind1=" " ind2=" " tag="043"><subfield code="a">n-us-mn</subfield></datafield><datafield ind1=" " ind2=" " tag="052"><subfield code="a">4144</subfield><subfield code="b">P2</subfield></datafield><datafield ind1=" " ind2=" " tag="052"><subfield code="a">4143</subfield><subfield code="b">H8</subfield></datafield><datafield ind1="0" ind2="0" tag="245"><subfield code="a">Hubbard County clipper.</subfield></datafield><datafield ind1=" " ind2=" " tag="260"><subfield code="a">Park Rapids, Minn. :</subfield><subfield code="b">H. Hazlett,</subfield><subfield code="c">-1914.</subfield></datafield><datafield ind1=" " ind2=" " tag="300"><subfield code="a">v.</subfield></datafield><datafield ind1=" " ind2=" " tag="310"><subfield code="a">Weekly</subfield></datafield><datafield ind1="1" ind2=" " tag="362"><subfield code="a">Began in June 1896.</subfield></datafield><datafield ind1="0" ind2=" " tag="362"><subfield code="a">-v. 18, no. 39 (Apr. 16, 1914).</subfield></datafield><datafield ind1=" " ind2=" " tag="530"><subfield code="a">Available on microfilm from the Minnesota Historical Society.</subfield></datafield><datafield ind1=" " ind2=" " tag="588"><subfield code="a">Description based on: Vol. 1, no. 45 (Apr. 15, 1897).</subfield></datafield><datafield ind1=" " ind2="0" tag="651"><subfield code="a">Park Rapids (Minn.)</subfield><subfield code="v">Newspapers.</subfield></datafield><datafield ind1=" " ind2="7" tag="655"><subfield code="a">Newspapers.</subfield><subfield code="2">fast</subfield><subfield code="0">(OCoLC)fst01423814</subfield></datafield><datafield ind1=" " ind2="7" tag="651"><subfield code="a">Minnesota</subfield><subfield code="z">Park Rapids.</subfield><subfield code="2">fast</subfield><subfield code="0">(OCoLC)fst01227917</subfield></datafield><datafield ind1=" " ind2=" " tag="752"><subfield code="a">United States</subfield><subfield code="b">Minnesota</subfield><subfield code="c">Hubbard</subfield><subfield code="d">Park Rapids.</subfield></datafield><datafield ind1="0" ind2="0" tag="785"><subfield code="t">Hubbard County journal</subfield><subfield code="w">(DLC)sn 90060622</subfield><subfield code="w">(OCoLC)1752375</subfield></datafield></record>